%YAML 1.1
%TAG !u! tag:unity3d.com,2011:
--- !u!1 &4540111915984949323
GameObject:
  m_ObjectHideFlags: 0
  m_CorrespondingSourceObject: {fileID: 0}
  m_PrefabInstance: {fileID: 0}
  m_PrefabAsset: {fileID: 0}
  serializedVersion: 6
  m_Component:
  - component: {fileID: 4540111915984949324}
  - component: {fileID: 4540111915984949327}
  - component: {fileID: 4540111915984949326}
  - component: {fileID: 4540111915984949325}
  - component: {fileID: 4540111915984949312}
  - component: {fileID: 4540111915984949313}
  m_Layer: 0
  m_Name: JumpingCollider
  m_TagString: Untagged
  m_Icon: {fileID: 0}
  m_NavMeshLayer: 0
  m_StaticEditorFlags: 0
  m_IsActive: 1
--- !u!4 &4540111915984949324
Transform:
  m_ObjectHideFlags: 0
  m_CorrespondingSourceObject: {fileID: 0}
  m_PrefabInstance: {fileID: 0}
  m_PrefabAsset: {fileID: 0}
  m_GameObject: {fileID: 4540111915984949323}
  m_LocalRotation: {x: 0, y: 0, z: 0, w: 1}
  m_LocalPosition: {x: -0.000000027124, y: 0.094, z: 0.000000054248}
  m_LocalScale: {x: 1.455075, y: 0.22054988, z: 1.455075}
  m_Children: []
  m_Father: {fileID: 4540111916206688576}
  m_RootOrder: 1
  m_LocalEulerAnglesHint: {x: 0, y: 0, z: 0}
--- !u!33 &4540111915984949327
MeshFilter:
  m_ObjectHideFlags: 0
  m_CorrespondingSourceObject: {fileID: 0}
  m_PrefabInstance: {fileID: 0}
  m_PrefabAsset: {fileID: 0}
  m_GameObject: {fileID: 4540111915984949323}
  m_Mesh: {fileID: 10206, guid: 0000000000000000e000000000000000, type: 0}
--- !u!23 &4540111915984949326
MeshRenderer:
  m_ObjectHideFlags: 0
  m_CorrespondingSourceObject: {fileID: 0}
  m_PrefabInstance: {fileID: 0}
  m_PrefabAsset: {fileID: 0}
  m_GameObject: {fileID: 4540111915984949323}
  m_Enabled: 0
  m_CastShadows: 1
  m_ReceiveShadows: 1
  m_DynamicOccludee: 1
  m_MotionVectors: 1
  m_LightProbeUsage: 1
  m_ReflectionProbeUsage: 1
  m_RayTracingMode: 2
  m_RayTraceProcedural: 0
  m_RenderingLayerMask: 1
  m_RendererPriority: 0
  m_Materials:
  - {fileID: 10303, guid: 0000000000000000f000000000000000, type: 0}
  m_StaticBatchInfo:
    firstSubMesh: 0
    subMeshCount: 0
  m_StaticBatchRoot: {fileID: 0}
  m_ProbeAnchor: {fileID: 0}
  m_LightProbeVolumeOverride: {fileID: 0}
  m_ScaleInLightmap: 1
  m_ReceiveGI: 1
  m_PreserveUVs: 0
  m_IgnoreNormalsForChartDetection: 0
  m_ImportantGI: 0
  m_StitchLightmapSeams: 1
  m_SelectedEditorRenderState: 3
  m_MinimumChartSize: 4
  m_AutoUVMaxDistance: 0.5
  m_AutoUVMaxAngle: 89
  m_LightmapParameters: {fileID: 0}
  m_SortingLayerID: 0
  m_SortingLayer: 0
  m_SortingOrder: 0
  m_AdditionalVertexStreams: {fileID: 0}
--- !u!64 &4540111915984949325
MeshCollider:
  m_ObjectHideFlags: 0
  m_CorrespondingSourceObject: {fileID: 0}
  m_PrefabInstance: {fileID: 0}
  m_PrefabAsset: {fileID: 0}
  m_GameObject: {fileID: 4540111915984949323}
  m_Material: {fileID: 0}
  m_IsTrigger: 0
  m_Enabled: 1
  serializedVersion: 4
  m_Convex: 1
  m_CookingOptions: 30
  m_Mesh: {fileID: 10206, guid: 0000000000000000e000000000000000, type: 0}
--- !u!114 &4540111915984949312
MonoBehaviour:
  m_ObjectHideFlags: 0
  m_CorrespondingSourceObject: {fileID: 0}
  m_PrefabInstance: {fileID: 0}
  m_PrefabAsset: {fileID: 0}
  m_GameObject: {fileID: 4540111915984949323}
  m_Enabled: 1
  m_EditorHideFlags: 0
  m_Script: {fileID: 11500000, guid: 93a72b5c285b90740bbe7e0a6422207e, type: 3}
  m_Name: 
  m_EditorClassIdentifier: 
  jumpSpeed: 7
--- !u!54 &4540111915984949313
Rigidbody:
  m_ObjectHideFlags: 0
  m_CorrespondingSourceObject: {fileID: 0}
  m_PrefabInstance: {fileID: 0}
  m_PrefabAsset: {fileID: 0}
  m_GameObject: {fileID: 4540111915984949323}
  serializedVersion: 2
  m_Mass: 1
  m_Drag: 0
  m_AngularDrag: 0.05
  m_UseGravity: 0
  m_IsKinematic: 1
  m_Interpolate: 0
  m_Constraints: 0
  m_CollisionDetection: 0
--- !u!1 &4540111916206688591
GameObject:
  m_ObjectHideFlags: 0
  m_CorrespondingSourceObject: {fileID: 0}
  m_PrefabInstance: {fileID: 0}
  m_PrefabAsset: {fileID: 0}
  serializedVersion: 6
  m_Component:
  - component: {fileID: 4540111916206688576}
  m_Layer: 0
  m_Name: JumpingPlatform
  m_TagString: Untagged
  m_Icon: {fileID: 0}
  m_NavMeshLayer: 0
  m_StaticEditorFlags: 0
  m_IsActive: 1
--- !u!4 &4540111916206688576
Transform:
  m_ObjectHideFlags: 0
  m_CorrespondingSourceObject: {fileID: 0}
  m_PrefabInstance: {fileID: 0}
  m_PrefabAsset: {fileID: 0}
  m_GameObject: {fileID: 4540111916206688591}
  m_LocalRotation: {x: 0, y: 0, z: 0, w: 1}
  m_LocalPosition: {x: 12.22, y: -0.04, z: 10.36}
  m_LocalScale: {x: 1, y: 1, z: 1}
  m_Children:
  - {fileID: 4540111917360095739}
  - {fileID: 4540111915984949324}
  - {fileID: 4544547077250118427}
  m_Father: {fileID: 0}
  m_RootOrder: 0
  m_LocalEulerAnglesHint: {x: 0, y: 0, z: 0}
--- !u!1 &4540111917360095738
GameObject:
  m_ObjectHideFlags: 0
  m_CorrespondingSourceObject: {fileID: 0}
  m_PrefabInstance: {fileID: 0}
  m_PrefabAsset: {fileID: 0}
  serializedVersion: 6
  m_Component:
  - component: {fileID: 4540111917360095739}
  - component: {fileID: 4540111917360095742}
  - component: {fileID: 4540111917360095741}
  - component: {fileID: 4540111917360095740}
  m_Layer: 0
  m_Name: Base
  m_TagString: Untagged
  m_Icon: {fileID: 0}
  m_NavMeshLayer: 0
  m_StaticEditorFlags: 0
  m_IsActive: 1
--- !u!4 &4540111917360095739
Transform:
  m_ObjectHideFlags: 0
  m_CorrespondingSourceObject: {fileID: 0}
  m_PrefabInstance: {fileID: 0}
  m_PrefabAsset: {fileID: 0}
  m_GameObject: {fileID: 4540111917360095738}
  m_LocalRotation: {x: 0, y: 0, z: 0, w: 1}
  m_LocalPosition: {x: -0.000000040083, y: -0.067, z: 0.000000080167}
  m_LocalScale: {x: 1.6725, y: 0.25350562, z: 1.6725}
  m_Children: []
  m_Father: {fileID: 4540111916206688576}
  m_RootOrder: 0
  m_LocalEulerAnglesHint: {x: 0, y: 0, z: 0}
--- !u!33 &4540111917360095742
MeshFilter:
  m_ObjectHideFlags: 0
  m_CorrespondingSourceObject: {fileID: 0}
  m_PrefabInstance: {fileID: 0}
  m_PrefabAsset: {fileID: 0}
  m_GameObject: {fileID: 4540111917360095738}
  m_Mesh: {fileID: 10206, guid: 0000000000000000e000000000000000, type: 0}
--- !u!23 &4540111917360095741
MeshRenderer:
  m_ObjectHideFlags: 0
  m_CorrespondingSourceObject: {fileID: 0}
  m_PrefabInstance: {fileID: 0}
  m_PrefabAsset: {fileID: 0}
  m_GameObject: {fileID: 4540111917360095738}
  m_Enabled: 1
  m_CastShadows: 1
  m_ReceiveShadows: 1
  m_DynamicOccludee: 1
  m_MotionVectors: 1
  m_LightProbeUsage: 1
  m_ReflectionProbeUsage: 1
  m_RayTracingMode: 2
  m_RayTraceProcedural: 0
  m_RenderingLayerMask: 1
  m_RendererPriority: 0
  m_Materials:
  - {fileID: 2100000, guid: 59ecc94f7dd0a5840ada5f40c954b5b2, type: 2}
  m_StaticBatchInfo:
    firstSubMesh: 0
    subMeshCount: 0
  m_StaticBatchRoot: {fileID: 0}
  m_ProbeAnchor: {fileID: 0}
  m_LightProbeVolumeOverride: {fileID: 0}
  m_ScaleInLightmap: 1
  m_ReceiveGI: 1
  m_PreserveUVs: 0
  m_IgnoreNormalsForChartDetection: 0
  m_ImportantGI: 0
  m_StitchLightmapSeams: 1
  m_SelectedEditorRenderState: 3
  m_MinimumChartSize: 4
  m_AutoUVMaxDistance: 0.5
  m_AutoUVMaxAngle: 89
  m_LightmapParameters: {fileID: 0}
  m_SortingLayerID: 0
  m_SortingLayer: 0
  m_SortingOrder: 0
  m_AdditionalVertexStreams: {fileID: 0}
--- !u!64 &4540111917360095740
MeshCollider:
  m_ObjectHideFlags: 0
  m_CorrespondingSourceObject: {fileID: 0}
  m_PrefabInstance: {fileID: 0}
  m_PrefabAsset: {fileID: 0}
  m_GameObject: {fileID: 4540111917360095738}
  m_Material: {fileID: 0}
  m_IsTrigger: 0
  m_Enabled: 1
  serializedVersion: 4
  m_Convex: 1
  m_CookingOptions: -1
  m_Mesh: {fileID: 10206, guid: 0000000000000000e000000000000000, type: 0}
--- !u!1001 &4540111915578697743
PrefabInstance:
  m_ObjectHideFlags: 0
  serializedVersion: 2
  m_Modification:
    m_TransformParent: {fileID: 4540111916206688576}
    m_Modifications:
    - target: {fileID: 1501320978331502, guid: 7c76e21919cfed94bb50eef8ce720e33, type: 3}
      propertyPath: m_Name
      value: Magic circle 10 loop
      objectReference: {fileID: 0}
    - target: {fileID: 4730951777016596, guid: 7c76e21919cfed94bb50eef8ce720e33, type: 3}
      propertyPath: m_RootOrder
      value: 2
      objectReference: {fileID: 0}
    - target: {fileID: 4730951777016596, guid: 7c76e21919cfed94bb50eef8ce720e33, type: 3}
      propertyPath: m_LocalPosition.x
      value: 0
      objectReference: {fileID: 0}
    - target: {fileID: 4730951777016596, guid: 7c76e21919cfed94bb50eef8ce720e33, type: 3}
      propertyPath: m_LocalPosition.y
      value: 0
      objectReference: {fileID: 0}
    - target: {fileID: 4730951777016596, guid: 7c76e21919cfed94bb50eef8ce720e33, type: 3}
      propertyPath: m_LocalPosition.z
      value: 0
      objectReference: {fileID: 0}
    - target: {fileID: 4730951777016596, guid: 7c76e21919cfed94bb50eef8ce720e33, type: 3}
      propertyPath: m_LocalRotation.w
      value: 0.7071068
      objectReference: {fileID: 0}
    - target: {fileID: 4730951777016596, guid: 7c76e21919cfed94bb50eef8ce720e33, type: 3}
      propertyPath: m_LocalRotation.x
      value: -0.7071068
      objectReference: {fileID: 0}
    - target: {fileID: 4730951777016596, guid: 7c76e21919cfed94bb50eef8ce720e33, type: 3}
      propertyPath: m_LocalRotation.y
      value: 0
      objectReference: {fileID: 0}
    - target: {fileID: 4730951777016596, guid: 7c76e21919cfed94bb50eef8ce720e33, type: 3}
      propertyPath: m_LocalRotation.z
      value: 0
      objectReference: {fileID: 0}
    - target: {fileID: 4730951777016596, guid: 7c76e21919cfed94bb50eef8ce720e33, type: 3}
      propertyPath: m_LocalEulerAnglesHint.x
      value: -90
      objectReference: {fileID: 0}
    - target: {fileID: 4730951777016596, guid: 7c76e21919cfed94bb50eef8ce720e33, type: 3}
      propertyPath: m_LocalEulerAnglesHint.y
      value: 0
      objectReference: {fileID: 0}
    - target: {fileID: 4730951777016596, guid: 7c76e21919cfed94bb50eef8ce720e33, type: 3}
      propertyPath: m_LocalEulerAnglesHint.z
      value: 0
      objectReference: {fileID: 0}
    - target: {fileID: 198142451082032122, guid: 7c76e21919cfed94bb50eef8ce720e33, type: 3}
      propertyPath: InitialModule.startColor.maxColor.b
      value: 1
      objectReference: {fileID: 0}
    - target: {fileID: 198142451082032122, guid: 7c76e21919cfed94bb50eef8ce720e33, type: 3}
      propertyPath: InitialModule.startColor.maxColor.g
      value: 0.55506897
      objectReference: {fileID: 0}
    - target: {fileID: 198142451082032122, guid: 7c76e21919cfed94bb50eef8ce720e33, type: 3}
      propertyPath: InitialModule.startColor.maxColor.r
      value: 0
      objectReference: {fileID: 0}
    - target: {fileID: 198177628679855594, guid: 7c76e21919cfed94bb50eef8ce720e33, type: 3}
      propertyPath: InitialModule.startColor.maxColor.b
      value: 1
      objectReference: {fileID: 0}
    - target: {fileID: 198177628679855594, guid: 7c76e21919cfed94bb50eef8ce720e33, type: 3}
      propertyPath: InitialModule.startColor.maxColor.g
      value: 0.5125196
      objectReference: {fileID: 0}
    - target: {fileID: 198177628679855594, guid: 7c76e21919cfed94bb50eef8ce720e33, type: 3}
      propertyPath: InitialModule.startColor.maxColor.r
      value: 0
      objectReference: {fileID: 0}
    - target: {fileID: 198333130354703232, guid: 7c76e21919cfed94bb50eef8ce720e33, type: 3}
      propertyPath: InitialModule.startColor.maxColor.b
      value: 1
      objectReference: {fileID: 0}
    - target: {fileID: 198333130354703232, guid: 7c76e21919cfed94bb50eef8ce720e33, type: 3}
      propertyPath: InitialModule.startColor.maxColor.g
      value: 0.8502283
      objectReference: {fileID: 0}
    - target: {fileID: 198333130354703232, guid: 7c76e21919cfed94bb50eef8ce720e33, type: 3}
      propertyPath: InitialModule.startColor.maxColor.r
      value: 0
      objectReference: {fileID: 0}
    - target: {fileID: 198470472049200870, guid: 7c76e21919cfed94bb50eef8ce720e33, type: 3}
      propertyPath: InitialModule.startColor.maxColor.b
      value: 1
      objectReference: {fileID: 0}
    - target: {fileID: 198470472049200870, guid: 7c76e21919cfed94bb50eef8ce720e33, type: 3}
      propertyPath: InitialModule.startColor.maxColor.g
      value: 0.47451687
      objectReference: {fileID: 0}
    - target: {fileID: 198470472049200870, guid: 7c76e21919cfed94bb50eef8ce720e33, type: 3}
      propertyPath: InitialModule.startColor.maxColor.r
      value: 0
      objectReference: {fileID: 0}
    - target: {fileID: 198813179406941706, guid: 7c76e21919cfed94bb50eef8ce720e33, type: 3}
      propertyPath: InitialModule.startColor.maxColor.b
      value: 1
      objectReference: {fileID: 0}
    - target: {fileID: 198813179406941706, guid: 7c76e21919cfed94bb50eef8ce720e33, type: 3}
      propertyPath: InitialModule.startColor.maxColor.g
      value: 0.36835432
      objectReference: {fileID: 0}
    - target: {fileID: 198813179406941706, guid: 7c76e21919cfed94bb50eef8ce720e33, type: 3}
      propertyPath: InitialModule.startColor.maxColor.r
      value: 0
      objectReference: {fileID: 0}
    - target: {fileID: 198983500377334266, guid: 7c76e21919cfed94bb50eef8ce720e33, type: 3}
      propertyPath: InitialModule.startColor.maxColor.b
      value: 1
      objectReference: {fileID: 0}
    - target: {fileID: 198983500377334266, guid: 7c76e21919cfed94bb50eef8ce720e33, type: 3}
      propertyPath: InitialModule.startColor.maxColor.g
      value: 0.41164446
      objectReference: {fileID: 0}
    - target: {fileID: 198983500377334266, guid: 7c76e21919cfed94bb50eef8ce720e33, type: 3}
      propertyPath: InitialModule.startColor.maxColor.r
      value: 0
      objectReference: {fileID: 0}
    - target: {fileID: 198986812896918668, guid: 7c76e21919cfed94bb50eef8ce720e33, type: 3}
      propertyPath: InitialModule.startColor.maxColor.b
      value: 1
      objectReference: {fileID: 0}
    - target: {fileID: 198986812896918668, guid: 7c76e21919cfed94bb50eef8ce720e33, type: 3}
      propertyPath: InitialModule.startColor.maxColor.g
      value: 1
      objectReference: {fileID: 0}
    - target: {fileID: 198986812896918668, guid: 7c76e21919cfed94bb50eef8ce720e33, type: 3}
      propertyPath: InitialModule.startColor.maxColor.r
      value: 0
      objectReference: {fileID: 0}
    - target: {fileID: 198986812896918668, guid: 7c76e21919cfed94bb50eef8ce720e33, type: 3}
      propertyPath: InitialModule.startColor.minColor.b
      value: 1
      objectReference: {fileID: 0}
    - target: {fileID: 198986812896918668, guid: 7c76e21919cfed94bb50eef8ce720e33, type: 3}
      propertyPath: InitialModule.startColor.minColor.g
      value: 0.17519283
      objectReference: {fileID: 0}
    - target: {fileID: 198986812896918668, guid: 7c76e21919cfed94bb50eef8ce720e33, type: 3}
      propertyPath: InitialModule.startColor.minColor.r
      value: 0
      objectReference: {fileID: 0}
    - target: {fileID: 199103200910245038, guid: 7c76e21919cfed94bb50eef8ce720e33, type: 3}
      propertyPath: m_Materials.Array.size
      value: 1
      objectReference: {fileID: 0}
    - target: {fileID: 199157894887623880, guid: 7c76e21919cfed94bb50eef8ce720e33, type: 3}
      propertyPath: m_Materials.Array.size
      value: 1
      objectReference: {fileID: 0}
    - target: {fileID: 199442131562098296, guid: 7c76e21919cfed94bb50eef8ce720e33, type: 3}
      propertyPath: m_Materials.Array.size
      value: 1
      objectReference: {fileID: 0}
    - target: {fileID: 199462111104225960, guid: 7c76e21919cfed94bb50eef8ce720e33, type: 3}
      propertyPath: m_Materials.Array.size
      value: 1
      objectReference: {fileID: 0}
    - target: {fileID: 199683277263405576, guid: 7c76e21919cfed94bb50eef8ce720e33, type: 3}
      propertyPath: m_Materials.Array.size
      value: 1
      objectReference: {fileID: 0}
    - target: {fileID: 199918090882394004, guid: 7c76e21919cfed94bb50eef8ce720e33, type: 3}
      propertyPath: m_Materials.Array.size
      value: 1
      objectReference: {fileID: 0}
    m_RemovedComponents: []
  m_SourcePrefab: {fileID: 100100000, guid: 7c76e21919cfed94bb50eef8ce720e33, type: 3}
--- !u!4 &4544547077250118427 stripped
Transform:
  m_CorrespondingSourceObject: {fileID: 4730951777016596, guid: 7c76e21919cfed94bb50eef8ce720e33, type: 3}
  m_PrefabInstance: {fileID: 4540111915578697743}
  m_PrefabAsset: {fileID: 0}
